%YAML 1.1
%TAG !u! tag:unity3d.com,2011:
--- !u!1 &532270841727330010
GameObject:
  m_ObjectHideFlags: 0
  m_CorrespondingSourceObject: {fileID: 0}
  m_PrefabInstance: {fileID: 0}
  m_PrefabAsset: {fileID: 0}
  serializedVersion: 6
  m_Component:
  - component: {fileID: 532270841727330014}
  - component: {fileID: 532270841727330013}
  - component: {fileID: 532270841727330012}
  m_Layer: 2
  m_Name: Model
  m_TagString: Untagged
  m_Icon: {fileID: 0}
  m_NavMeshLayer: 0
  m_StaticEditorFlags: 0
  m_IsActive: 0
--- !u!4 &532270841727330014
Transform:
  m_ObjectHideFlags: 0
  m_CorrespondingSourceObject: {fileID: 0}
  m_PrefabInstance: {fileID: 0}
  m_PrefabAsset: {fileID: 0}
  m_GameObject: {fileID: 532270841727330010}
  m_LocalRotation: {x: -0, y: -0, z: -0, w: 1}
  m_LocalPosition: {x: 0, y: 0, z: 0}
  m_LocalScale: {x: 1, y: 1, z: 1}
  m_Children: []
  m_Father: {fileID: 532270842764526495}
  m_RootOrder: 0
  m_LocalEulerAnglesHint: {x: 0, y: 0, z: 0}
--- !u!33 &532270841727330013
MeshFilter:
  m_ObjectHideFlags: 0
  m_CorrespondingSourceObject: {fileID: 0}
  m_PrefabInstance: {fileID: 0}
  m_PrefabAsset: {fileID: 0}
  m_GameObject: {fileID: 532270841727330010}
  m_Mesh: {fileID: 10206, guid: 0000000000000000e000000000000000, type: 0}
--- !u!23 &532270841727330012
MeshRenderer:
  m_ObjectHideFlags: 0
  m_CorrespondingSourceObject: {fileID: 0}
  m_PrefabInstance: {fileID: 0}
  m_PrefabAsset: {fileID: 0}
  m_GameObject: {fileID: 532270841727330010}
  m_Enabled: 1
  m_CastShadows: 1
  m_ReceiveShadows: 1
  m_DynamicOccludee: 1
  m_MotionVectors: 1
  m_LightProbeUsage: 1
  m_ReflectionProbeUsage: 1
  m_RayTracingMode: 2
  m_RenderingLayerMask: 1
  m_RendererPriority: 0
  m_Materials:
  - {fileID: 2100000, guid: 31321ba15b8f8eb4c954353edc038b1d, type: 2}
  m_StaticBatchInfo:
    firstSubMesh: 0
    subMeshCount: 0
  m_StaticBatchRoot: {fileID: 0}
  m_ProbeAnchor: {fileID: 0}
  m_LightProbeVolumeOverride: {fileID: 0}
  m_ScaleInLightmap: 1
  m_ReceiveGI: 1
  m_PreserveUVs: 0
  m_IgnoreNormalsForChartDetection: 0
  m_ImportantGI: 0
  m_StitchLightmapSeams: 1
  m_SelectedEditorRenderState: 3
  m_MinimumChartSize: 4
  m_AutoUVMaxDistance: 0.5
  m_AutoUVMaxAngle: 89
  m_LightmapParameters: {fileID: 0}
  m_SortingLayerID: 0
  m_SortingLayer: 0
  m_SortingOrder: 0
--- !u!1 &532270842764526492
GameObject:
  m_ObjectHideFlags: 0
  m_CorrespondingSourceObject: {fileID: 0}
  m_PrefabInstance: {fileID: 0}
  m_PrefabAsset: {fileID: 0}
  serializedVersion: 6
  m_Component:
  - component: {fileID: 532270842764526495}
  - component: {fileID: 532270842764526494}
  - component: {fileID: 532270842764526493}
  m_Layer: 2
  m_Name: ItemOilBarrel
  m_TagString: Untagged
  m_Icon: {fileID: 0}
  m_NavMeshLayer: 0
  m_StaticEditorFlags: 0
  m_IsActive: 1
--- !u!4 &532270842764526495
Transform:
  m_ObjectHideFlags: 0
  m_CorrespondingSourceObject: {fileID: 0}
  m_PrefabInstance: {fileID: 0}
  m_PrefabAsset: {fileID: 0}
  m_GameObject: {fileID: 532270842764526492}
  m_LocalRotation: {x: 0, y: 0, z: 0, w: 1}
  m_LocalPosition: {x: -11.089924, y: -5.624309, z: 2.2919493}
  m_LocalScale: {x: 1, y: 1, z: 1}
  m_Children:
  - {fileID: 532270841727330014}
  - {fileID: 7389374625124694978}
  m_Father: {fileID: 0}
  m_RootOrder: 0
  m_LocalEulerAnglesHint: {x: 0, y: 0, z: 0}
--- !u!114 &532270842764526494
MonoBehaviour:
  m_ObjectHideFlags: 0
  m_CorrespondingSourceObject: {fileID: 0}
  m_PrefabInstance: {fileID: 0}
  m_PrefabAsset: {fileID: 0}
  m_GameObject: {fileID: 532270842764526492}
  m_Enabled: 1
  m_EditorHideFlags: 0
  m_Script: {fileID: 11500000, guid: 2242d46a6b9ac964fbe336b5ab5cf1ef, type: 3}
  m_Name: 
  m_EditorClassIdentifier: 
  DroppedItems: 01000000000000000000000000000000
  myModel: {fileID: 5825138708059343313}
  scaleCurve:
    serializedVersion: 2
    m_Curve:
    - serializedVersion: 3
      time: 0
      value: 0
      inSlope: 3.246331
      outSlope: 3.246331
      tangentMode: 0
      weightedMode: 0
      inWeight: 0.33333334
      outWeight: 0.08238878
    - serializedVersion: 3
      time: 0.4086564
      value: 0.5624831
      inSlope: -0.77242494
      outSlope: -0.77242494
      tangentMode: 0
      weightedMode: 0
      inWeight: 0.12084663
      outWeight: 0.33333334
    m_PreInfinity: 2
    m_PostInfinity: 2
    m_RotationOrder: 4
  PickUpAudio: event:/itemPickupOil
  DropAudio: event:/itemDropOil
--- !u!65 &532270842764526493
BoxCollider:
  m_ObjectHideFlags: 0
  m_CorrespondingSourceObject: {fileID: 0}
  m_PrefabInstance: {fileID: 0}
  m_PrefabAsset: {fileID: 0}
  m_GameObject: {fileID: 532270842764526492}
  m_Material: {fileID: 0}
  m_IsTrigger: 1
  m_Enabled: 1
  serializedVersion: 2
  m_Size: {x: 2, y: 2, z: 2}
  m_Center: {x: 0, y: 0, z: 0}
--- !u!114 &4699668488533514508
MonoBehaviour:
  m_ObjectHideFlags: 0
  m_CorrespondingSourceObject: {fileID: 0}
  m_PrefabInstance: {fileID: 0}
  m_PrefabAsset: {fileID: 0}
  m_GameObject: {fileID: 5825138708059343313}
  m_Enabled: 1
  m_EditorHideFlags: 0
  m_Script: {fileID: 11500000, guid: 62bdf23e04a0291489fa3eebbaf746d6, type: 3}
  m_Name: 
  m_EditorClassIdentifier: 
  Speed: 5
--- !u!1001 &739816527905302691
PrefabInstance:
  m_ObjectHideFlags: 0
  serializedVersion: 2
  m_Modification:
    m_TransformParent: {fileID: 532270842764526495}
    m_Modifications:
    - target: {fileID: 5612492215239966761, guid: 9a8d35274e8459d49899423a0f868f6c,
        type: 3}
      propertyPath: m_Enabled
      value: 0
      objectReference: {fileID: 0}
    - target: {fileID: 6526657027610206578, guid: 9a8d35274e8459d49899423a0f868f6c,
        type: 3}
      propertyPath: m_Name
      value: oilBarrel
      objectReference: {fileID: 0}
    - target: {fileID: 7838530700462887777, guid: 9a8d35274e8459d49899423a0f868f6c,
        type: 3}
      propertyPath: m_LocalPosition.x
      value: 0
      objectReference: {fileID: 0}
    - target: {fileID: 7838530700462887777, guid: 9a8d35274e8459d49899423a0f868f6c,
        type: 3}
      propertyPath: m_LocalPosition.y
      value: 0
      objectReference: {fileID: 0}
    - target: {fileID: 7838530700462887777, guid: 9a8d35274e8459d49899423a0f868f6c,
        type: 3}
      propertyPath: m_LocalPosition.z
      value: 0
      objectReference: {fileID: 0}
    - target: {fileID: 7838530700462887777, guid: 9a8d35274e8459d49899423a0f868f6c,
        type: 3}
      propertyPath: m_LocalRotation.x
      value: -0.7071068
      objectReference: {fileID: 0}
    - target: {fileID: 7838530700462887777, guid: 9a8d35274e8459d49899423a0f868f6c,
        type: 3}
      propertyPath: m_LocalRotation.y
      value: 0
      objectReference: {fileID: 0}
    - target: {fileID: 7838530700462887777, guid: 9a8d35274e8459d49899423a0f868f6c,
        type: 3}
      propertyPath: m_LocalRotation.z
      value: -0
      objectReference: {fileID: 0}
    - target: {fileID: 7838530700462887777, guid: 9a8d35274e8459d49899423a0f868f6c,
        type: 3}
      propertyPath: m_LocalRotation.w
      value: 0.7071067
      objectReference: {fileID: 0}
    - target: {fileID: 7838530700462887777, guid: 9a8d35274e8459d49899423a0f868f6c,
        type: 3}
      propertyPath: m_RootOrder
      value: 1
      objectReference: {fileID: 0}
    - target: {fileID: 7838530700462887777, guid: 9a8d35274e8459d49899423a0f868f6c,
        type: 3}
      propertyPath: m_LocalEulerAnglesHint.x
      value: 0
      objectReference: {fileID: 0}
    - target: {fileID: 7838530700462887777, guid: 9a8d35274e8459d49899423a0f868f6c,
        type: 3}
      propertyPath: m_LocalEulerAnglesHint.y
      value: 0
      objectReference: {fileID: 0}
    - target: {fileID: 7838530700462887777, guid: 9a8d35274e8459d49899423a0f868f6c,
        type: 3}
      propertyPath: m_LocalEulerAnglesHint.z
      value: 0
      objectReference: {fileID: 0}
    m_RemovedComponents: []
  m_SourcePrefab: {fileID: 100100000, guid: 9a8d35274e8459d49899423a0f868f6c, type: 3}
--- !u!1 &5825138708059343313 stripped
GameObject:
  m_CorrespondingSourceObject: {fileID: 6526657027610206578, guid: 9a8d35274e8459d49899423a0f868f6c,
    type: 3}
  m_PrefabInstance: {fileID: 739816527905302691}
  m_PrefabAsset: {fileID: 0}
--- !u!4 &7389374625124694978 stripped
Transform:
  m_CorrespondingSourceObject: {fileID: 7838530700462887777, guid: 9a8d35274e8459d49899423a0f868f6c,
    type: 3}
  m_PrefabInstance: {fileID: 739816527905302691}
  m_PrefabAsset: {fileID: 0}
