%YAML 1.1
%TAG !u! tag:unity3d.com,2011:
--- !u!1 &5103427463508849350
GameObject:
  m_ObjectHideFlags: 0
  m_CorrespondingSourceObject: {fileID: 0}
  m_PrefabInstance: {fileID: 0}
  m_PrefabAsset: {fileID: 0}
  serializedVersion: 6
  m_Component:
  - component: {fileID: 5103427463508849351}
  m_Layer: 0
  m_Name: stonecluster1
  m_TagString: Untagged
  m_Icon: {fileID: 0}
  m_NavMeshLayer: 0
  m_StaticEditorFlags: 0
  m_IsActive: 1
--- !u!4 &5103427463508849351
Transform:
  m_ObjectHideFlags: 0
  m_CorrespondingSourceObject: {fileID: 0}
  m_PrefabInstance: {fileID: 0}
  m_PrefabAsset: {fileID: 0}
  m_GameObject: {fileID: 5103427463508849350}
  m_LocalRotation: {x: 0, y: 0, z: 0, w: 1}
  m_LocalPosition: {x: 6.95, y: -2.73, z: -28.74}
  m_LocalScale: {x: 1, y: 1, z: 1}
  m_Children:
  - {fileID: 263936614853142899}
  - {fileID: 263936615029299484}
  - {fileID: 263936615140422961}
  - {fileID: 263936613841759597}
  - {fileID: 263936613591969885}
  m_Father: {fileID: 0}
  m_RootOrder: 0
  m_LocalEulerAnglesHint: {x: 0, y: 0, z: 0}
--- !u!1001 &5103427463347166023
PrefabInstance:
  m_ObjectHideFlags: 0
  serializedVersion: 2
  m_Modification:
    m_TransformParent: {fileID: 5103427463508849351}
    m_Modifications:
    - target: {fileID: -4216859302048453862, guid: 71439cf24e49da54f9c50d2216b0f5d5,
        type: 3}
      propertyPath: m_LocalPosition.x
      value: 2.1290398
      objectReference: {fileID: 0}
    - target: {fileID: -4216859302048453862, guid: 71439cf24e49da54f9c50d2216b0f5d5,
        type: 3}
      propertyPath: m_LocalPosition.y
      value: 2.7803261
      objectReference: {fileID: 0}
    - target: {fileID: -4216859302048453862, guid: 71439cf24e49da54f9c50d2216b0f5d5,
        type: 3}
      propertyPath: m_LocalPosition.z
      value: 6.3521886
      objectReference: {fileID: 0}
    - target: {fileID: -4216859302048453862, guid: 71439cf24e49da54f9c50d2216b0f5d5,
        type: 3}
      propertyPath: m_LocalRotation.x
      value: -0.5972868
      objectReference: {fileID: 0}
    - target: {fileID: -4216859302048453862, guid: 71439cf24e49da54f9c50d2216b0f5d5,
        type: 3}
      propertyPath: m_LocalRotation.y
      value: -0.37848184
      objectReference: {fileID: 0}
    - target: {fileID: -4216859302048453862, guid: 71439cf24e49da54f9c50d2216b0f5d5,
        type: 3}
      propertyPath: m_LocalRotation.z
      value: -0.37848184
      objectReference: {fileID: 0}
    - target: {fileID: -4216859302048453862, guid: 71439cf24e49da54f9c50d2216b0f5d5,
        type: 3}
      propertyPath: m_LocalRotation.w
      value: 0.5972868
      objectReference: {fileID: 0}
    - target: {fileID: -4216859302048453862, guid: 71439cf24e49da54f9c50d2216b0f5d5,
        type: 3}
      propertyPath: m_RootOrder
      value: 4
      objectReference: {fileID: 0}
    - target: {fileID: -4216859302048453862, guid: 71439cf24e49da54f9c50d2216b0f5d5,
        type: 3}
      propertyPath: m_LocalEulerAnglesHint.x
      value: -90.00001
      objectReference: {fileID: 0}
    - target: {fileID: -4216859302048453862, guid: 71439cf24e49da54f9c50d2216b0f5d5,
        type: 3}
      propertyPath: m_LocalEulerAnglesHint.y
      value: 0
      objectReference: {fileID: 0}
    - target: {fileID: -4216859302048453862, guid: 71439cf24e49da54f9c50d2216b0f5d5,
        type: 3}
      propertyPath: m_LocalEulerAnglesHint.z
      value: -64.722
      objectReference: {fileID: 0}
    - target: {fileID: -4216859302048453862, guid: 71439cf24e49da54f9c50d2216b0f5d5,
        type: 3}
      propertyPath: m_LocalScale.x
      value: 61.327415
      objectReference: {fileID: 0}
    - target: {fileID: -4216859302048453862, guid: 71439cf24e49da54f9c50d2216b0f5d5,
        type: 3}
      propertyPath: m_LocalScale.y
      value: 40.276325
      objectReference: {fileID: 0}
    - target: {fileID: -4216859302048453862, guid: 71439cf24e49da54f9c50d2216b0f5d5,
        type: 3}
      propertyPath: m_LocalScale.z
      value: 12.920891
      objectReference: {fileID: 0}
    - target: {fileID: -1504981713932161579, guid: 71439cf24e49da54f9c50d2216b0f5d5,
        type: 3}
      propertyPath: m_Materials.Array.data[0]
      value: 
      objectReference: {fileID: 2100000, guid: 1291a4fa36468c34b867d72beaec3289, type: 2}
    - target: {fileID: -927199367670048503, guid: 71439cf24e49da54f9c50d2216b0f5d5,
        type: 3}
      propertyPath: m_Name
      value: stone1 (1)
      objectReference: {fileID: 0}
    m_RemovedComponents: []
  m_SourcePrefab: {fileID: 100100000, guid: 71439cf24e49da54f9c50d2216b0f5d5, type: 3}
--- !u!4 &263936613591969885 stripped
Transform:
  m_CorrespondingSourceObject: {fileID: -4216859302048453862, guid: 71439cf24e49da54f9c50d2216b0f5d5,
    type: 3}
  m_PrefabInstance: {fileID: 5103427463347166023}
  m_PrefabAsset: {fileID: 0}
--- !u!1001 &5103427463566345847
PrefabInstance:
  m_ObjectHideFlags: 0
  serializedVersion: 2
  m_Modification:
    m_TransformParent: {fileID: 5103427463508849351}
    m_Modifications:
    - target: {fileID: -4216859302048453862, guid: 71439cf24e49da54f9c50d2216b0f5d5,
        type: 3}
      propertyPath: m_LocalPosition.x
      value: 0.58903885
      objectReference: {fileID: 0}
    - target: {fileID: -4216859302048453862, guid: 71439cf24e49da54f9c50d2216b0f5d5,
        type: 3}
      propertyPath: m_LocalPosition.y
      value: 2.7803261
      objectReference: {fileID: 0}
    - target: {fileID: -4216859302048453862, guid: 71439cf24e49da54f9c50d2216b0f5d5,
        type: 3}
      propertyPath: m_LocalPosition.z
      value: 7.2221885
      objectReference: {fileID: 0}
    - target: {fileID: -4216859302048453862, guid: 71439cf24e49da54f9c50d2216b0f5d5,
        type: 3}
      propertyPath: m_LocalRotation.x
      value: -0.693556
      objectReference: {fileID: 0}
    - target: {fileID: -4216859302048453862, guid: 71439cf24e49da54f9c50d2216b0f5d5,
        type: 3}
      propertyPath: m_LocalRotation.y
      value: -0.13776828
      objectReference: {fileID: 0}
    - target: {fileID: -4216859302048453862, guid: 71439cf24e49da54f9c50d2216b0f5d5,
        type: 3}
      propertyPath: m_LocalRotation.z
      value: -0.13776828
      objectReference: {fileID: 0}
    - target: {fileID: -4216859302048453862, guid: 71439cf24e49da54f9c50d2216b0f5d5,
        type: 3}
      propertyPath: m_LocalRotation.w
      value: 0.693556
      objectReference: {fileID: 0}
    - target: {fileID: -4216859302048453862, guid: 71439cf24e49da54f9c50d2216b0f5d5,
        type: 3}
      propertyPath: m_RootOrder
      value: 3
      objectReference: {fileID: 0}
    - target: {fileID: -4216859302048453862, guid: 71439cf24e49da54f9c50d2216b0f5d5,
        type: 3}
      propertyPath: m_LocalEulerAnglesHint.x
      value: -90.00001
      objectReference: {fileID: 0}
    - target: {fileID: -4216859302048453862, guid: 71439cf24e49da54f9c50d2216b0f5d5,
        type: 3}
      propertyPath: m_LocalEulerAnglesHint.y
      value: 0
      objectReference: {fileID: 0}
    - target: {fileID: -4216859302048453862, guid: 71439cf24e49da54f9c50d2216b0f5d5,
        type: 3}
      propertyPath: m_LocalEulerAnglesHint.z
      value: -22.470001
      objectReference: {fileID: 0}
    - target: {fileID: -4216859302048453862, guid: 71439cf24e49da54f9c50d2216b0f5d5,
        type: 3}
      propertyPath: m_LocalScale.x
      value: 55.73714
      objectReference: {fileID: 0}
    - target: {fileID: -4216859302048453862, guid: 71439cf24e49da54f9c50d2216b0f5d5,
        type: 3}
      propertyPath: m_LocalScale.y
      value: 40.276325
      objectReference: {fileID: 0}
    - target: {fileID: -4216859302048453862, guid: 71439cf24e49da54f9c50d2216b0f5d5,
        type: 3}
      propertyPath: m_LocalScale.z
      value: 12.920892
      objectReference: {fileID: 0}
    - target: {fileID: -1504981713932161579, guid: 71439cf24e49da54f9c50d2216b0f5d5,
        type: 3}
      propertyPath: m_Materials.Array.data[0]
      value: 
      objectReference: {fileID: 2100000, guid: 1291a4fa36468c34b867d72beaec3289, type: 2}
    - target: {fileID: -927199367670048503, guid: 71439cf24e49da54f9c50d2216b0f5d5,
        type: 3}
      propertyPath: m_Name
      value: stone1 (2)
      objectReference: {fileID: 0}
    m_RemovedComponents: []
  m_SourcePrefab: {fileID: 100100000, guid: 71439cf24e49da54f9c50d2216b0f5d5, type: 3}
--- !u!4 &263936613841759597 stripped
Transform:
  m_CorrespondingSourceObject: {fileID: -4216859302048453862, guid: 71439cf24e49da54f9c50d2216b0f5d5,
    type: 3}
  m_PrefabInstance: {fileID: 5103427463566345847}
  m_PrefabAsset: {fileID: 0}
--- !u!1001 &5103427464560099945
PrefabInstance:
  m_ObjectHideFlags: 0
  serializedVersion: 2
  m_Modification:
    m_TransformParent: {fileID: 5103427463508849351}
    m_Modifications:
    - target: {fileID: -4216859302048453862, guid: 71439cf24e49da54f9c50d2216b0f5d5,
        type: 3}
      propertyPath: m_LocalPosition.x
      value: 1.1284113
      objectReference: {fileID: 0}
    - target: {fileID: -4216859302048453862, guid: 71439cf24e49da54f9c50d2216b0f5d5,
        type: 3}
      propertyPath: m_LocalPosition.y
      value: 2.7803261
      objectReference: {fileID: 0}
    - target: {fileID: -4216859302048453862, guid: 71439cf24e49da54f9c50d2216b0f5d5,
        type: 3}
      propertyPath: m_LocalPosition.z
      value: 6.160805
      objectReference: {fileID: 0}
    - target: {fileID: -4216859302048453862, guid: 71439cf24e49da54f9c50d2216b0f5d5,
        type: 3}
      propertyPath: m_LocalRotation.x
      value: -0.7071068
      objectReference: {fileID: 0}
    - target: {fileID: -4216859302048453862, guid: 71439cf24e49da54f9c50d2216b0f5d5,
        type: 3}
      propertyPath: m_LocalRotation.y
      value: -0
      objectReference: {fileID: 0}
    - target: {fileID: -4216859302048453862, guid: 71439cf24e49da54f9c50d2216b0f5d5,
        type: 3}
      propertyPath: m_LocalRotation.z
      value: -0
      objectReference: {fileID: 0}
    - target: {fileID: -4216859302048453862, guid: 71439cf24e49da54f9c50d2216b0f5d5,
        type: 3}
      propertyPath: m_LocalRotation.w
      value: 0.7071067
      objectReference: {fileID: 0}
    - target: {fileID: -4216859302048453862, guid: 71439cf24e49da54f9c50d2216b0f5d5,
        type: 3}
      propertyPath: m_RootOrder
      value: 0
      objectReference: {fileID: 0}
    - target: {fileID: -4216859302048453862, guid: 71439cf24e49da54f9c50d2216b0f5d5,
        type: 3}
      propertyPath: m_LocalEulerAnglesHint.x
      value: 0
      objectReference: {fileID: 0}
    - target: {fileID: -4216859302048453862, guid: 71439cf24e49da54f9c50d2216b0f5d5,
        type: 3}
      propertyPath: m_LocalEulerAnglesHint.y
      value: 0
      objectReference: {fileID: 0}
    - target: {fileID: -4216859302048453862, guid: 71439cf24e49da54f9c50d2216b0f5d5,
        type: 3}
      propertyPath: m_LocalEulerAnglesHint.z
      value: 0
      objectReference: {fileID: 0}
    - target: {fileID: -4216859302048453862, guid: 71439cf24e49da54f9c50d2216b0f5d5,
        type: 3}
      propertyPath: m_LocalScale.y
      value: 79.69669
      objectReference: {fileID: 0}
    - target: {fileID: -1504981713932161579, guid: 71439cf24e49da54f9c50d2216b0f5d5,
        type: 3}
      propertyPath: m_Materials.Array.data[0]
      value: 
      objectReference: {fileID: 2100000, guid: 1291a4fa36468c34b867d72beaec3289, type: 2}
    - target: {fileID: -927199367670048503, guid: 71439cf24e49da54f9c50d2216b0f5d5,
        type: 3}
      propertyPath: m_Name
      value: stone1
      objectReference: {fileID: 0}
    m_RemovedComponents: []
  m_SourcePrefab: {fileID: 100100000, guid: 71439cf24e49da54f9c50d2216b0f5d5, type: 3}
--- !u!4 &263936614853142899 stripped
Transform:
  m_CorrespondingSourceObject: {fileID: -4216859302048453862, guid: 71439cf24e49da54f9c50d2216b0f5d5,
    type: 3}
  m_PrefabInstance: {fileID: 5103427464560099945}
  m_PrefabAsset: {fileID: 0}
--- !u!1001 &5103427464786604550
PrefabInstance:
  m_ObjectHideFlags: 0
  serializedVersion: 2
  m_Modification:
    m_TransformParent: {fileID: 5103427463508849351}
    m_Modifications:
    - target: {fileID: -4216859302048453862, guid: 71439cf24e49da54f9c50d2216b0f5d5,
        type: 3}
      propertyPath: m_LocalPosition.x
      value: 0.7290392
      objectReference: {fileID: 0}
    - target: {fileID: -4216859302048453862, guid: 71439cf24e49da54f9c50d2216b0f5d5,
        type: 3}
      propertyPath: m_LocalPosition.y
      value: 2.7803261
      objectReference: {fileID: 0}
    - target: {fileID: -4216859302048453862, guid: 71439cf24e49da54f9c50d2216b0f5d5,
        type: 3}
      propertyPath: m_LocalPosition.z
      value: 5.1021886
      objectReference: {fileID: 0}
    - target: {fileID: -4216859302048453862, guid: 71439cf24e49da54f9c50d2216b0f5d5,
        type: 3}
      propertyPath: m_LocalRotation.x
      value: -0.5972868
      objectReference: {fileID: 0}
    - target: {fileID: -4216859302048453862, guid: 71439cf24e49da54f9c50d2216b0f5d5,
        type: 3}
      propertyPath: m_LocalRotation.y
      value: -0.37848184
      objectReference: {fileID: 0}
    - target: {fileID: -4216859302048453862, guid: 71439cf24e49da54f9c50d2216b0f5d5,
        type: 3}
      propertyPath: m_LocalRotation.z
      value: -0.37848184
      objectReference: {fileID: 0}
    - target: {fileID: -4216859302048453862, guid: 71439cf24e49da54f9c50d2216b0f5d5,
        type: 3}
      propertyPath: m_LocalRotation.w
      value: 0.5972868
      objectReference: {fileID: 0}
    - target: {fileID: -4216859302048453862, guid: 71439cf24e49da54f9c50d2216b0f5d5,
        type: 3}
      propertyPath: m_RootOrder
      value: 1
      objectReference: {fileID: 0}
    - target: {fileID: -4216859302048453862, guid: 71439cf24e49da54f9c50d2216b0f5d5,
        type: 3}
      propertyPath: m_LocalEulerAnglesHint.x
      value: -90.00001
      objectReference: {fileID: 0}
    - target: {fileID: -4216859302048453862, guid: 71439cf24e49da54f9c50d2216b0f5d5,
        type: 3}
      propertyPath: m_LocalEulerAnglesHint.y
      value: 0
      objectReference: {fileID: 0}
    - target: {fileID: -4216859302048453862, guid: 71439cf24e49da54f9c50d2216b0f5d5,
        type: 3}
      propertyPath: m_LocalEulerAnglesHint.z
      value: -64.722
      objectReference: {fileID: 0}
    - target: {fileID: -4216859302048453862, guid: 71439cf24e49da54f9c50d2216b0f5d5,
        type: 3}
      propertyPath: m_LocalScale.x
      value: 58.932243
      objectReference: {fileID: 0}
    - target: {fileID: -4216859302048453862, guid: 71439cf24e49da54f9c50d2216b0f5d5,
        type: 3}
      propertyPath: m_LocalScale.y
      value: 72.514656
      objectReference: {fileID: 0}
    - target: {fileID: -4216859302048453862, guid: 71439cf24e49da54f9c50d2216b0f5d5,
        type: 3}
      propertyPath: m_LocalScale.z
      value: 16.56329
      objectReference: {fileID: 0}
    - target: {fileID: -1504981713932161579, guid: 71439cf24e49da54f9c50d2216b0f5d5,
        type: 3}
      propertyPath: m_Materials.Array.data[0]
      value: 
      objectReference: {fileID: 2100000, guid: 1291a4fa36468c34b867d72beaec3289, type: 2}
    - target: {fileID: -927199367670048503, guid: 71439cf24e49da54f9c50d2216b0f5d5,
        type: 3}
      propertyPath: m_Name
      value: stone1 (4)
      objectReference: {fileID: 0}
    m_RemovedComponents: []
  m_SourcePrefab: {fileID: 100100000, guid: 71439cf24e49da54f9c50d2216b0f5d5, type: 3}
--- !u!4 &263936615029299484 stripped
Transform:
  m_CorrespondingSourceObject: {fileID: -4216859302048453862, guid: 71439cf24e49da54f9c50d2216b0f5d5,
    type: 3}
  m_PrefabInstance: {fileID: 5103427464786604550}
  m_PrefabAsset: {fileID: 0}
--- !u!1001 &5103427464880741931
PrefabInstance:
  m_ObjectHideFlags: 0
  serializedVersion: 2
  m_Modification:
    m_TransformParent: {fileID: 5103427463508849351}
    m_Modifications:
    - target: {fileID: -4216859302048453862, guid: 71439cf24e49da54f9c50d2216b0f5d5,
        type: 3}
      propertyPath: m_LocalPosition.x
      value: 0.1590395
      objectReference: {fileID: 0}
    - target: {fileID: -4216859302048453862, guid: 71439cf24e49da54f9c50d2216b0f5d5,
        type: 3}
      propertyPath: m_LocalPosition.y
      value: 2.7803261
      objectReference: {fileID: 0}
    - target: {fileID: -4216859302048453862, guid: 71439cf24e49da54f9c50d2216b0f5d5,
        type: 3}
      propertyPath: m_LocalPosition.z
      value: 6.5121884
      objectReference: {fileID: 0}
    - target: {fileID: -4216859302048453862, guid: 71439cf24e49da54f9c50d2216b0f5d5,
        type: 3}
      propertyPath: m_LocalRotation.x
      value: -0.67845064
      objectReference: {fileID: 0}
    - target: {fileID: -4216859302048453862, guid: 71439cf24e49da54f9c50d2216b0f5d5,
        type: 3}
      propertyPath: m_LocalRotation.y
      value: -0.19926046
      objectReference: {fileID: 0}
    - target: {fileID: -4216859302048453862, guid: 71439cf24e49da54f9c50d2216b0f5d5,
        type: 3}
      propertyPath: m_LocalRotation.z
      value: -0.19926046
      objectReference: {fileID: 0}
    - target: {fileID: -4216859302048453862, guid: 71439cf24e49da54f9c50d2216b0f5d5,
        type: 3}
      propertyPath: m_LocalRotation.w
      value: 0.67845064
      objectReference: {fileID: 0}
    - target: {fileID: -4216859302048453862, guid: 71439cf24e49da54f9c50d2216b0f5d5,
        type: 3}
      propertyPath: m_RootOrder
      value: 2
      objectReference: {fileID: 0}
    - target: {fileID: -4216859302048453862, guid: 71439cf24e49da54f9c50d2216b0f5d5,
        type: 3}
      propertyPath: m_LocalEulerAnglesHint.x
      value: -90.00001
      objectReference: {fileID: 0}
    - target: {fileID: -4216859302048453862, guid: 71439cf24e49da54f9c50d2216b0f5d5,
        type: 3}
      propertyPath: m_LocalEulerAnglesHint.y
      value: 0
      objectReference: {fileID: 0}
    - target: {fileID: -4216859302048453862, guid: 71439cf24e49da54f9c50d2216b0f5d5,
        type: 3}
      propertyPath: m_LocalEulerAnglesHint.z
      value: -32.735
      objectReference: {fileID: 0}
    - target: {fileID: -4216859302048453862, guid: 71439cf24e49da54f9c50d2216b0f5d5,
        type: 3}
      propertyPath: m_LocalScale.x
      value: 39.25782
      objectReference: {fileID: 0}
    - target: {fileID: -4216859302048453862, guid: 71439cf24e49da54f9c50d2216b0f5d5,
        type: 3}
      propertyPath: m_LocalScale.y
      value: 34.39357
      objectReference: {fileID: 0}
    - target: {fileID: -4216859302048453862, guid: 71439cf24e49da54f9c50d2216b0f5d5,
        type: 3}
      propertyPath: m_LocalScale.z
      value: 11.0336685
      objectReference: {fileID: 0}
    - target: {fileID: -1504981713932161579, guid: 71439cf24e49da54f9c50d2216b0f5d5,
        type: 3}
      propertyPath: m_Materials.Array.data[0]
      value: 
      objectReference: {fileID: 2100000, guid: 1291a4fa36468c34b867d72beaec3289, type: 2}
    - target: {fileID: -927199367670048503, guid: 71439cf24e49da54f9c50d2216b0f5d5,
        type: 3}
      propertyPath: m_Name
      value: stone1 (3)
      objectReference: {fileID: 0}
    m_RemovedComponents: []
  m_SourcePrefab: {fileID: 100100000, guid: 71439cf24e49da54f9c50d2216b0f5d5, type: 3}
--- !u!4 &263936615140422961 stripped
Transform:
  m_CorrespondingSourceObject: {fileID: -4216859302048453862, guid: 71439cf24e49da54f9c50d2216b0f5d5,
    type: 3}
  m_PrefabInstance: {fileID: 5103427464880741931}
  m_PrefabAsset: {fileID: 0}
